%% This BibTeX bibliography file was created using BibDesk.
%% http://bibdesk.sourceforge.net/

%% Created for HANLIN TANG at 2018-05-18 12:41:09 -0700 


%% Saved with string encoding Unicode (UTF-8) 

@article{tang2018d,
  title={D2: Decentralized Training over Decentralized Data},
  author={Tang, Hanlin and Lian, Xiangru and Yan, Ming and Zhang, Ce and Liu, Ji},
  journal={arXiv preprint arXiv:1803.07068},
  year={2018}
}

@inproceedings{iandola2016firecaffe,
  title={Firecaffe: near-linear acceleration of deep neural network training on compute clusters},
  author={Iandola, Forrest N and Moskewicz, Matthew W and Ashraf, Khalid and Keutzer, Kurt},
  booktitle={Proceedings of the IEEE Conference on Computer Vision and Pattern Recognition},
  pages={2592--2600},
  year={2016}
}

@article{goyal2017accurate,
  title={Accurate, large minibatch SGD: training imagenet in 1 hour},
  author={Goyal, Priya and Doll{\'a}r, Piotr and Girshick, Ross and Noordhuis, Pieter and Wesolowski, Lukasz and Kyrola, Aapo and Tulloch, Andrew and Jia, Yangqing and He, Kaiming},
  journal={arXiv preprint arXiv:1706.02677},
  year={2017}
}

@inproceedings{lian2015asynchronous,
	Author = {Lian, Xiangru and Huang, Yijun and Li, Yuncheng and Liu, Ji},
	Booktitle = {Advances in Neural Information Processing Systems},
	Date-Added = {2018-05-18 19:40:45 +0000},
	Date-Modified = {2018-05-18 19:40:45 +0000},
	Pages = {2737--2745},
	Title = {Asynchronous parallel stochastic gradient for nonconvex optimization},
	Year = {2015}}

@inproceedings{zhang2013asynchronous,
	Author = {Zhang, Shanshan and Zhang, Ce and You, Zhao and Zheng, Rong and Xu, Bo},
	Booktitle = {Acoustics, Speech and Signal Processing (ICASSP), 2013 IEEE International Conference on},
	Date-Added = {2018-05-18 19:39:39 +0000},
	Date-Modified = {2018-05-18 19:39:39 +0000},
	Organization = {IEEE},
	Pages = {6660--6663},
	Title = {Asynchronous stochastic gradient descent for DNN training},
	Year = {2013}}

@article{lian2017asynchronous,
	Author = {Lian, Xiangru and Zhang, Wei and Zhang, Ce and Liu, Ji},
	Date-Added = {2018-05-18 19:38:39 +0000},
	Date-Modified = {2018-05-18 19:38:39 +0000},
	Journal = {arXiv preprint arXiv:1710.06952},
	Title = {Asynchronous Decentralized Parallel Stochastic Gradient Descent},
	Year = {2017}}

@article{lan2017communication,
	Author = {Lan, Guanghui and Lee, Soomin and Zhou, Yi},
	Date-Added = {2018-05-18 19:34:34 +0000},
	Date-Modified = {2018-05-18 19:34:34 +0000},
	Journal = {arXiv preprint arXiv:1701.03961},
	Title = {Communication-efficient algorithms for decentralized and stochastic optimization},
	Year = {2017}}

@inproceedings{sirb2016consensus,
	Author = {Sirb, Benjamin and Ye, Xiaojing},
	Booktitle = {Big Data (Big Data), 2016 IEEE International Conference on},
	Date-Added = {2018-05-18 19:33:01 +0000},
	Date-Modified = {2018-05-18 19:33:01 +0000},
	Organization = {IEEE},
	Pages = {76--85},
	Title = {Consensus optimization with delayed and stochastic gradients on decentralized networks},
	Year = {2016}}

@article{boyd2006randomized,
	Author = {Boyd, Stephen and Ghosh, Arpita and Prabhakar, Balaji and Shah, Devavrat},
	Date-Added = {2018-05-18 17:47:03 +0000},
	Date-Modified = {2018-05-18 17:47:03 +0000},
	Journal = {IEEE transactions on information theory},
	Number = {6},
	Pages = {2508--2530},
	Publisher = {IEEE},
	Title = {Randomized gossip algorithms},
	Volume = {52},
	Year = {2006}}

@inproceedings{zinkevich2010parallelized,
	Author = {Zinkevich, Martin and Weimer, Markus and Li, Lihong and Smola, Alex J},
	Booktitle = {Advances in neural information processing systems},
	Date-Added = {2018-05-18 16:51:44 +0000},
	Date-Modified = {2018-05-18 16:51:44 +0000},
	Pages = {2595--2603},
	Title = {Parallelized stochastic gradient descent},
	Year = {2010}}

@inproceedings{he2016deep,
	Author = {He, Kaiming and Zhang, Xiangyu and Ren, Shaoqing and Sun, Jian},
	Booktitle = {Proceedings of the IEEE conference on computer vision and pattern recognition},
	Pages = {770--778},
	Title = {Deep residual learning for image recognition},
	Year = {2016}}

@article{krizhevsky2009learning,
	Author = {Krizhevsky, Alex and Hinton, Geoffrey},
	Publisher = {Citeseer},
	Title = {Learning multiple layers of features from tiny images},
	Year = {2009}}

@inproceedings{seide2016cntk,
	Author = {Seide, Frank and Agarwal, Amit},
	Booktitle = {Proceedings of the 22nd ACM SIGKDD International Conference on Knowledge Discovery and Data Mining},
	Organization = {ACM},
	Pages = {2135--2135},
	Title = {Cntk: Microsoft's open-source deep-learning toolkit},
	Year = {2016}}

@article{jin2016scale,
	Author = {Jin, Peter H and Yuan, Qiaochu and Iandola, Forrest and Keutzer, Kurt},
	Journal = {arXiv preprint arXiv:1611.04581},
	Title = {How to scale distributed deep learning?},
	Year = {2016}}

@inproceedings{lian2017can,
	Author = {Lian, Xiangru and Zhang, Ce and Zhang, Huan and Hsieh, Cho-Jui and Zhang, Wei and Liu, Ji},
	Booktitle = {Advances in Neural Information Processing Systems},
	Pages = {5336--5346},
	Title = {Can decentralized algorithms outperform centralized algorithms? a case study for decentralized parallel stochastic gradient descent},
	Year = {2017}}

@inproceedings{zhang2015deep,
	Author = {Zhang, Sixin and Choromanska, Anna E and LeCun, Yann},
	Booktitle = {Advances in Neural Information Processing Systems},
	Pages = {685--693},
	Title = {Deep learning with elastic averaging SGD},
	Year = {2015}}

@article{blot2016gossip,
	Author = {Blot, Michael and Picard, David and Cord, Matthieu and Thome, Nicolas},
	Journal = {arXiv preprint arXiv:1611.09726},
	Title = {Gossip training for deep learning},
	Year = {2016}}

@article{daily2018gossipgrad,
	Author = {Daily, Jeff and Vishnu, Abhinav and Siegel, Charles and Warfel, Thomas and Amatya, Vinay},
	Journal = {arXiv preprint arXiv:1803.05880},
	Title = {GossipGraD: Scalable Deep Learning using Gossip Communication based Asynchronous Gradient Descent},
	Year = {2018}}

@inproceedings{dahl1994expanding,
	Author = {Dahl, Deborah A and Bates, Madeleine and Brown, Michael and Fisher, William and Hunicke-Smith, Kate and Pallett, David and Pao, Christine and Rudnicky, Alexander and Shriberg, Elizabeth},
	Booktitle = {Proceedings of the workshop on Human Language Technology},
	Organization = {Association for Computational Linguistics},
	Pages = {43--48},
	Title = {Expanding the scope of the ATIS task: The ATIS-3 corpus},
	Year = {1994}}

@article{hochreiter1997long,
	Author = {Hochreiter, Sepp and Schmidhuber, J{\"u}rgen},
	Journal = {Neural computation},
	Number = {8},
	Pages = {1735--1780},
	Publisher = {MIT Press},
	Title = {Long short-term memory},
	Volume = {9},
	Year = {1997}}

@article{goyal2017accurate,
	Author = {Goyal, Priya and Doll{\'a}r, Piotr and Girshick, Ross and Noordhuis, Pieter and Wesolowski, Lukasz and Kyrola, Aapo and Tulloch, Andrew and Jia, Yangqing and He, Kaiming},
	Journal = {arXiv preprint arXiv:1706.02677},
	Title = {Accurate, large minibatch SGD: training imagenet in 1 hour},
	Year = {2017}}

@inproceedings{abadi2016tensorflow,
	Author = {Abadi, Mart{\'\i}n and Barham, Paul and Chen, Jianmin and Chen, Zhifeng and Davis, Andy and Dean, Jeffrey and Devin, Matthieu and Ghemawat, Sanjay and Irving, Geoffrey and Isard, Michael and others},
	Booktitle = {OSDI},
	Pages = {265--283},
	Title = {TensorFlow: A System for Large-Scale Machine Learning.},
	Volume = {16},
	Year = {2016}}

@article{russakovsky2015imagenet,
	Author = {Russakovsky, Olga and Deng, Jia and Su, Hao and Krause, Jonathan and Satheesh, Sanjeev and Ma, Sean and Huang, Zhiheng and Karpathy, Andrej and Khosla, Aditya and Bernstein, Michael and others},
	Journal = {International Journal of Computer Vision},
	Number = {3},
	Pages = {211--252},
	Publisher = {Springer},
	Title = {Imagenet large scale visual recognition challenge},
	Volume = {115},
	Year = {2015}}
